<?xml version="1.0" encoding="UTF-8"?>
<collection xmlns:xsi="http://www.w3.org/2001/XMLSchema-instance" xsi:schemaLocation="http://www.loc.gov/MARC21/slim http://www.loc.gov/standards/marcxml/schema/MARC21slim.xsd" xmlns="http://www.loc.gov/MARC21/slim">
<record>
  <leader>00961cam a2200241M  4500</leader>
  <controlfield tag="001">3071325</controlfield>
  <controlfield tag="003">NNC</controlfield>
  <controlfield tag="005">20130426015402.0</controlfield>
  <controlfield tag="008">870518s1951    ua       b    000 0 ara d</controlfield>
  <datafield tag="035" ind1=" " ind2=" ">
    <subfield code="a">(OCoLC)ocm23516502</subfield>
  </datafield>
  <datafield tag="035" ind1=" " ind2=" ">
    <subfield code="9">ATP4284CU</subfield>
  </datafield>
  <datafield tag="035" ind1=" " ind2=" ">
    <subfield code="a">(NNC)3071325</subfield>
  </datafield>
  <datafield tag="040" ind1=" " ind2=" ">
    <subfield code="a">EYM</subfield>
    <subfield code="c">EYM</subfield>
    <subfield code="d">OCL</subfield>
    <subfield code="d">ZCU</subfield>
  </datafield>
  <datafield tag="050" ind1=" " ind2="4">
    <subfield code="a">D198.3</subfield>
    <subfield code="b">.K97 1951</subfield>
  </datafield>
  <datafield tag="099" ind1=" " ind2=" ">
    <subfield code="a">893.79</subfield>
    <subfield code="a">K961</subfield>
  </datafield>
  <datafield tag="100" ind1="1" ind2=" ">
    <subfield code="a">Kutubī, Muḥammad ibn Shākir,</subfield>
    <subfield code="d">-1363.</subfield>
  </datafield>
  <datafield tag="245" ind1="1" ind2="0">
    <subfield code="a">Fawāt al-wafayāt /</subfield>
    <subfield code="c">ta ʻlīf Muh̥ammad ibn Shākir ibn ah̥mad al-Kutubī, wa-huwa dhayl ʻalā kitāb "wafayāt al-aʻyān" li-ibn Khillikān ; h̥aqqaqahu wa-d̥abat̥ahu wa-ʻallaqa ʻhawāshīh Muh̥ammad Muh̥yī al-Dīn ʻAbd al-H̥amīt.</subfield>
  </datafield>
  <datafield tag="260" ind1=" " ind2=" ">
    <subfield code="a">al-Qāhirah :</subfield>
    <subfield code="b">Maktabat al-Nahd̥ah al-Mis̥rīyah,</subfield>
    <subfield code="c">1951.</subfield>
  </datafield>
  <datafield tag="300" ind1=" " ind2=" ">
    <subfield code="a">2 v.</subfield>
    <subfield code="c">25 cm.</subfield>
  </datafield>
  <datafield tag="504" ind1=" " ind2=" ">
    <subfield code="a">Bibliographical footnotes.</subfield>
  </datafield>
  <datafield tag="651" ind1=" " ind2="0">
    <subfield code="a">Islamic Empire</subfield>
    <subfield code="v">Biography.</subfield>
  </datafield>
  <datafield tag="700" ind1="0" ind2=" ">
    <subfield code="a">Ibn Khallikān,</subfield>
    <subfield code="d">1211-1282.</subfield>
    <subfield code="t">Wafayāt al-aʻyān.</subfield>
  </datafield>
  <datafield tag="955" ind1=" " ind2=" ">
    <subfield code="b">0020311044</subfield>
    <subfield code="d">glx</subfield>
    <subfield code="e">893.79 K961</subfield>
    <subfield code="v">v.2</subfield>
  </datafield>
</record>
</collection>